@online{some_reference,
  author   = {Testing Test},
  title    = {Testing Stuff},
  url      = {https://example.com},
  addendum = {(published: 09.08.2020)}
}